<record><leader>02921cam a2200433 i 4500</leader><controlfield tag="001">6677735</controlfield><controlfield tag="003">FlBoTFG</controlfield><controlfield tag="005">20140910124938.0</controlfield><controlfield tag="006">m    ||  d |      </controlfield><controlfield tag="007">cr |||</controlfield><controlfield tag="008">140910t20152015fluad   ob    001 0 eng d</controlfield><datafield ind1=" " ind2=" " tag="020"><subfield code="a">9781466588455 (e-book : PDF)</subfield></datafield><datafield ind1=" " ind2=" " tag="035"><subfield code="a">ocn889309900</subfield></datafield><datafield ind1=" " ind2=" " tag="039"><subfield code="a">exclude</subfield></datafield><datafield ind1=" " ind2=" " tag="040"><subfield code="a">FlBoTFG</subfield><subfield code="b">eng</subfield><subfield code="c">FlBoTFG</subfield><subfield code="e">rda</subfield><subfield code="d">AEU</subfield></datafield><datafield ind1=" " ind2="4" tag="050"><subfield code="a">TK7874.887</subfield><subfield code="b">.M48 2015</subfield></datafield><datafield ind1="0" ind2=" " tag="082"><subfield code="a">621.3</subfield><subfield code="b">M587</subfield></datafield><datafield ind1=" " ind2=" " tag="090"><subfield code="a">Internet Access</subfield><subfield code="b">AEU</subfield></datafield><datafield ind1="0" ind2="0" tag="245"><subfield code="a">Metallic spintronic devices /</subfield><subfield code="c">edited by Xiaobin Wang, Avalanche Technology, Fremont, CA ; Krzysztof Iniewski, managing editor, CMOS Emerging Technologies Research Inc., Vancouver, British Columbia, Canada.</subfield></datafield><datafield ind1=" " ind2="1" tag="264"><subfield code="a">Boca Raton :</subfield><subfield code="b">CRC Press,</subfield><subfield code="c">[2015]</subfield></datafield><datafield ind1=" " ind2="4" tag="264"><subfield code="c">&#169;2015</subfield></datafield><datafield ind1=" " ind2=" " tag="300"><subfield code="a">1 online resource :</subfield><subfield code="b">text file, PDF</subfield></datafield><datafield ind1=" " ind2=" " tag="336"><subfield code="a">text</subfield><subfield code="2">rdacontent</subfield></datafield><datafield ind1=" " ind2=" " tag="337"><subfield code="a">computer</subfield><subfield code="2">rdamedia</subfield></datafield><datafield ind1=" " ind2=" " tag="338"><subfield code="a">online resource</subfield><subfield code="2">rdacarrier</subfield></datafield><datafield ind1="1" ind2=" " tag="490"><subfield code="a">Devices, circuits, and systems</subfield></datafield><datafield ind1=" " ind2=" " tag="504"><subfield code="a">Includes bibliographical references and index.</subfield></datafield><datafield ind1="0" ind2=" " tag="505"><subfield code="a">1. Perpendicular spin torque oscillator and microwave-assisted magnetic recording / Jian-Gang (Jimmy) Zhu -- 2. Spin-transfer-torque MRAM : device architecture and modeling / Xiaochun Zhu and Seung H. Kang -- 3. The prospect of STT-RAM scaling / Yaojun Zhang, Wujie Wen, Hai Li, and Yiran Chen -- 4. Spintronic device memristive effects and magnetization switching optimizing / Xiaobin Wang -- 5. Magnetic insulator-based spintronics : spin pumping, magnetic proximity, spin hall, and spin Seebeck effects on Yttrium iron garnet thin films / Yiyan Sun, Zihui Wang, and Lei Lu -- 6. Electric field-induced switching for magnetic memory devices / Pedram Khalili and Kang L. Wang.</subfield></datafield><datafield ind1=" " ind2=" " tag="506"><subfield code="a">Access restricted to authorized users and institutions.</subfield></datafield><datafield ind1=" " ind2=" " tag="520"><subfield code="a">"Featuring contributions from well-known academic and industrial experts in the field, this book examines the latest research, development, and applications of metallic spintronic devices, from magnetic tunneling junction sensors and spin torque oscillators to spin torque memory and logic. Applying physics principles for practical implementations of spintronic devices, the text provides specific model, design, and processing procedures for current commercial and future devices. By addressing both mainstream and emerging metallic spintronic devices, the editor provides a balanced view of the state of the art"--</subfield><subfield code="c">Provided by publisher.</subfield></datafield><datafield ind1=" " ind2=" " tag="596"><subfield code="a">44</subfield></datafield><datafield ind1=" " ind2="0" tag="650"><subfield code="a">Spintronics</subfield><subfield code="x">Materials.</subfield></datafield><datafield ind1=" " ind2="0" tag="650"><subfield code="a">Magnetic materials.</subfield></datafield><datafield ind1=" " ind2="0" tag="650"><subfield code="a">Metals.</subfield></datafield><datafield ind1="1" ind2=" " tag="700"><subfield code="a">Wang, Xiaobin,</subfield><subfield code="d">1973- ,</subfield><subfield code="e">editor.</subfield></datafield><datafield ind1=" " ind2="0" tag="830"><subfield code="a">Devices, circuits, and systems.</subfield></datafield><datafield ind1="4" ind2="0" tag="856"><subfield code="3">University of Alberta Access</subfield><subfield code="u">http://marc.crcnetbase.com/isbn/9781466588455</subfield><subfield code="z">(Unlimited Concurrent Users)</subfield></datafield><datafield ind1=" " ind2=" " tag="949"><subfield code="h">UAIN</subfield><subfield code="z">CRC</subfield></datafield><datafield ind1=" " ind2=" " tag="926"><subfield code="a">Internet Access</subfield><subfield code="w">LC</subfield><subfield code="c">1</subfield><subfield code="i">6677735-1001</subfield><subfield code="l">INTERNET</subfield><subfield code="m">UAINTERNET</subfield><subfield code="r">Y</subfield><subfield code="s">Y</subfield><subfield code="t">E-RESOURCE</subfield><subfield code="u">9/15/2014</subfield><subfield code="x">E-BOOK</subfield><subfield code="z">CRC</subfield></datafield></record>